<record><leader>00000cas a2200000 a 4500</leader><controlfield tag="001">33136080</controlfield><controlfield tag="008">950914d191119uufluwr ne      0    0eng c</controlfield><datafield ind1=" " ind2=" " tag="010"><subfield code="a">sn 95026686 </subfield></datafield><datafield ind1=" " ind2=" " tag="040"><subfield code="a">FUG</subfield><subfield code="b">eng</subfield><subfield code="c">FUG</subfield><subfield code="d">OCLCQ</subfield><subfield code="d">OCLCF</subfield><subfield code="d">OCLCO</subfield></datafield><datafield ind1=" " ind2=" " tag="012"><subfield code="i">9509</subfield></datafield><datafield ind1="1" ind2=" " tag="029"><subfield code="a">AU@</subfield><subfield code="b">000025891065</subfield></datafield><datafield ind1=" " ind2=" " tag="042"><subfield code="a">pcc</subfield></datafield><datafield ind1=" " ind2=" " tag="043"><subfield code="a">n-us-fl</subfield></datafield><datafield ind1="0" ind2="0" tag="245"><subfield code="a">Fort Lauderdale sentinel.</subfield></datafield><datafield ind1=" " ind2=" " tag="260"><subfield code="a">Fort Lauderdale, Fla. :</subfield><subfield code="b">Mathews &amp; Watson</subfield></datafield><datafield ind1=" " ind2=" " tag="300"><subfield code="a">v.</subfield></datafield><datafield ind1=" " ind2=" " tag="310"><subfield code="a">Weekly</subfield></datafield><datafield ind1="1" ind2=" " tag="362"><subfield code="a">Began Mar. 31, 1911.</subfield></datafield><datafield ind1=" " ind2=" " tag="580"><subfield code="a">Daily ed.: Evening sentinel (Fort Lauderdale, Fla.).</subfield></datafield><datafield ind1=" " ind2=" " tag="588"><subfield code="a">Description based on: Vol. 3, no. 3 (Jan. 17, 1913).</subfield></datafield><datafield ind1=" " ind2=" " tag="588"><subfield code="a">Latest issue consulted: Vol. 13, no. 44 (Nov. 2, 1923).</subfield></datafield><datafield ind1=" " ind2="0" tag="651"><subfield code="a">Fort Lauderdale (Fla.)</subfield><subfield code="v">Newspapers.</subfield></datafield><datafield ind1=" " ind2="0" tag="651"><subfield code="a">Broward County (Fla.)</subfield><subfield code="v">Newspapers.</subfield></datafield><datafield ind1=" " ind2="7" tag="655"><subfield code="a">Newspapers.</subfield><subfield code="2">fast</subfield><subfield code="0">(OCoLC)fst01423814</subfield></datafield><datafield ind1=" " ind2="7" tag="651"><subfield code="a">Florida</subfield><subfield code="z">Broward County.</subfield><subfield code="2">fast</subfield><subfield code="0">(OCoLC)fst01202766</subfield></datafield><datafield ind1=" " ind2="7" tag="651"><subfield code="a">Florida</subfield><subfield code="z">Fort Lauderdale.</subfield><subfield code="2">fast</subfield><subfield code="0">(OCoLC)fst01206921</subfield></datafield><datafield ind1=" " ind2=" " tag="752"><subfield code="a">United States</subfield><subfield code="b">Florida</subfield><subfield code="c">Broward</subfield><subfield code="d">Fort Lauderdale.</subfield></datafield><datafield ind1="1" ind2=" " tag="775"><subfield code="t">Evening sentinel (Fort Lauderdale, Fla.)</subfield><subfield code="w">(DLC)sn 96027159</subfield><subfield code="w">(OCoLC)34199867</subfield></datafield><datafield ind1=" " ind2=" " tag="850"><subfield code="a">FU</subfield></datafield></record>